@article{moreira2017,
  author  = {Moreira, A. and Muir, T.},
  title   = {Volatility-Managed Portfolios},
  journal = {Journal of Finance},
  volume  = {72},
  number  = {4},
  pages   = {1611--1644},
  year    = {2017}
}

@article{cederburg2020,
  author  = {Cederburg, S. and O'Doherty, M. S. and Wang, F. and Yan, X.},
  title   = {On the Performance of Volatility-Managed Portfolios},
  journal = {Journal of Financial Economics},
  volume  = {138},
  number  = {1},
  pages   = {95--117},
  year    = {2020}
}

@article{barroso2021,
  author  = {Barroso, P. and Detzel, A. L.},
  title   = {Do Limits to Arbitrage Explain the Benefits of Volatility-Managed Portfolios?},
  journal = {Journal of Financial Economics},
  volume  = {140},
  number  = {3},
  pages   = {744--767},
  year    = {2021}
}

@misc{demiguel2024,
  author       = {DeMiguel, V. and Mart{\'i}n-Utrera, A. and Uppal, R.},
  title        = {A Multifactor Perspective on Volatility-Managed Portfolios},
  howpublished = {\url{https://papers.ssrn.com/sol3/papers.cfm?abstract_id=3982504}},
  year         = {2024},
  note         = {Available at SSRN}
}

@article{tetlock2007,
  author  = {Tetlock, Paul C.},
  title   = {Giving Content to Investor Sentiment: The Role of Media in the Stock Market},
  journal = {The Journal of Finance},
  volume  = {62},
  number  = {3},
  pages   = {1139--1168},
  year    = {2007}
}

@article{loughran2011,
  author  = {Loughran, Tim and McDonald, Bill},
  title   = {When Is a Liability Not a Liability? Textual Analysis, Dictionaries, and 10-Ks},
  journal = {The Journal of Finance},
  volume  = {66},
  number  = {1},
  pages   = {35--65},
  year    = {2011}
}

@article{baker2019,
  author  = {Baker, Scott R. and Bloom, Nicholas and Davis, Steven J. and Kost, Kyle J.},
  title   = {Policy News and Stock Market Volatility},
  journal = {Journal of Financial Economics},
  volume  = {131},
  number  = {2},
  pages   = {205--224},
  year    = {2019}
}

% Optional - keep only if you mention PPP/implementation explicitly:
@article{brandt2009,
  author  = {Brandt, M. W. and Santa-Clara, P. and Valkanov, R.},
  title   = {Parametric Portfolio Policies: Exploiting Characteristics in the Cross-Section of Equity Returns},
  journal = {Review of Financial Studies},
  volume  = {22},
  number  = {9},
  pages   = {3411--3447},
  year    = {2009}
}

@article{demiguel2020,
  author  = {DeMiguel, V. and Mart{\'i}n-Utrera, A. and Nogales, F. J. and Uppal, R.},
  title   = {A Transaction-Cost Perspective on the Multitude of Firm Characteristics},
  journal = {Review of Financial Studies},
  volume  = {33},
  number  = {5},
  pages   = {2180--2222},
  year    = {2020}
}

@article{ledoit2008,
  author  = {Ledoit, Olivier and Wolf, Michael},
  title   = {Robust Performance Hypothesis Testing with the Sharpe Ratio},
  journal = {Journal of Empirical Finance},
  volume  = {15},
  number  = {5},
  pages   = {850--859},
  year    = {2008},
  doi     = {10.1016/j.jempfin.2008.03.002}
}
